<record><leader>00000cas a22000007a 4500</leader><controlfield tag="001">26577780</controlfield><controlfield tag="008">920911d19451964cauwr ne      0    0eng d</controlfield><datafield ind1=" " ind2=" " tag="010"><subfield code="a">sn 92068976 </subfield></datafield><datafield ind1=" " ind2=" " tag="040"><subfield code="a">CUY</subfield><subfield code="b">eng</subfield><subfield code="c">CNK</subfield><subfield code="d">OCLCQ</subfield><subfield code="d">OCLCF</subfield><subfield code="d">OCLCO</subfield></datafield><datafield ind1="1" ind2=" " tag="029"><subfield code="a">AU@</subfield><subfield code="b">000020735506</subfield></datafield><datafield ind1=" " ind2=" " tag="042"><subfield code="a">msc</subfield></datafield><datafield ind1=" " ind2=" " tag="043"><subfield code="a">n-us-ca</subfield></datafield><datafield ind1="0" ind2="0" tag="245"><subfield code="a">Coalinga record.</subfield></datafield><datafield ind1=" " ind2=" " tag="260"><subfield code="a">Coalinga, Calif. :</subfield><subfield code="b">McCollum &amp; Mason</subfield></datafield><datafield ind1=" " ind2=" " tag="300"><subfield code="a">v.</subfield></datafield><datafield ind1=" " ind2=" " tag="310"><subfield code="a">Weekly,</subfield><subfield code="b">Apr. 7, 1955-Jan. 9, 1964</subfield></datafield><datafield ind1=" " ind2=" " tag="321"><subfield code="a">Semiweekly,</subfield><subfield code="b">Mar. 15, 1945-Mar. 31, 1955</subfield></datafield><datafield ind1="0" ind2=" " tag="362"><subfield code="a">Vol. 30, no. 10 (Mar. 15, 1945)-v. 60, no. 2 (Jan. 9, 1964).</subfield></datafield><datafield ind1=" " ind2="0" tag="651"><subfield code="a">Coalinga (Calif.)</subfield><subfield code="v">Newspapers.</subfield></datafield><datafield ind1=" " ind2="7" tag="655"><subfield code="a">Newspapers.</subfield><subfield code="2">fast</subfield><subfield code="0">(OCoLC)fst01423814</subfield></datafield><datafield ind1=" " ind2="7" tag="651"><subfield code="a">California</subfield><subfield code="z">Coalinga.</subfield><subfield code="2">fast</subfield><subfield code="0">(OCoLC)fst01217485</subfield></datafield><datafield ind1=" " ind2=" " tag="752"><subfield code="a">United States</subfield><subfield code="b">California</subfield><subfield code="c">Fresno</subfield><subfield code="d">Coalinga.</subfield></datafield><datafield ind1="0" ind2="0" tag="780"><subfield code="t">Coalinga daily record</subfield><subfield code="w">(DLC)sn 92068971</subfield></datafield><datafield ind1="0" ind2="0" tag="785"><subfield code="t">Record (Coalinga, Calif.)</subfield><subfield code="w">(DLC)sn 97060798</subfield></datafield></record>